<record xmlns="http://www.loc.gov/MARC21/slim">
    <leader>00620ngm a22     7i 4500</leader>
    <controlfield tag="008">110701s                                d</controlfield>
    <datafield tag="040" ind1=" " ind2=" ">
        <subfield code="a">NL-AmISG</subfield>
        <subfield code="b">eng</subfield>
        <subfield code="e">rda</subfield>
    </datafield>
    <datafield tag="100" ind1="1" ind2=" ">
        <subfield code="a"></subfield>
        <subfield code="d"></subfield>
        <subfield code="e"></subfield>
    </datafield>
    <datafield tag="110" ind1="2" ind2=" ">
        <subfield code="a"></subfield>
        <subfield code="e"></subfield>
    </datafield>
    <datafield tag="111" ind1="2" ind2=" ">
        <subfield code="a"></subfield>
        <subfield code="e"></subfield>
        <subfield code="n"></subfield>
        <subfield code="d"></subfield>
        <subfield code="c"></subfield>
    </datafield>
    <datafield tag="242" ind1="1" ind2="0">
        <subfield code="a"></subfield>
    </datafield>
    <datafield tag="245" ind1="1" ind2="0">
        <subfield code="a"></subfield>
        <subfield code="b"></subfield>
        <subfield code="c"></subfield>
        <subfield code="k">Moving image document.</subfield>
    </datafield>
    <datafield tag="246" ind1="3" ind2=" ">
        <subfield code="a"></subfield>
    </datafield>
    <datafield tag="257" ind1="" ind2=" ">
        <subfield code="a"></subfield>
    </datafield>
    <datafield tag="264" ind1=" " ind2="0">
        <subfield code="a">[Place of production not identified] :</subfield>
        <subfield code="b">[producer not identified],</subfield>
        <subfield code="c"></subfield>
    </datafield>
    <datafield tag="300" ind1=" " ind2=" ">
        <subfield code="a"></subfield>
    </datafield>
    <datafield tag="300" ind1=" " ind2=" ">
        <subfield code="a"></subfield>
        <subfield code="c"></subfield>
    </datafield>
    <datafield tag="336" ind1=" " ind2=" ">
        <subfield code="a">twodimensional moving image</subfield>
        <subfield code="b">tdi</subfield>
        <subfield code="2">rdacontent</subfield>
    </datafield>
    <datafield tag="337" ind1=" " ind2=" ">
        <subfield code="a">video</subfield>
        <subfield code="b">v</subfield>
        <subfield code="2">rdamedia</subfield>
    </datafield>
    <datafield tag="338" ind1=" " ind2=" ">
        <subfield code="a">film cassette</subfield>
        <subfield code="b">mf</subfield>
        <subfield code="2">rdacarrier</subfield>
    </datafield>
    <datafield tag="340" ind1=" " ind2=" ">
        <subfield code="b"></subfield>
        <subfield code="g"></subfield>
    </datafield>
    <datafield tag="344" ind1=" " ind2=" ">
        <subfield code="b"></subfield>
    </datafield>
    <datafield tag="500" ind1=" " ind2=" ">
        <subfield code="a"></subfield>
    </datafield>
    <datafield tag="506" ind1="1" ind2=" ">
        <subfield code="a">No preview or online access -- full access available on site.</subfield>
        <subfield code="f">No online access.</subfield>
        <subfield code="2">star</subfield>
    </datafield>
    <datafield tag="508" ind1=" " ind2=" ">
        <subfield code="a"></subfield>
    </datafield>
    <datafield tag="511" ind1="1" ind2=" ">
        <subfield code="a"></subfield>
    </datafield>
    <datafield tag="520" ind1="3" ind2=" ">
        <subfield code="a"></subfield>
    </datafield>
    <datafield tag="540" ind1=" " ind2=" ">
        <subfield code="a">In Copyright.</subfield>
        <subfield code="u">http://rightsstatements.org/vocab/InC/1.0/</subfield>
        <subfield code="f">In Copyright.</subfield>
        <subfield code="2">rs</subfield>
    </datafield>
    <datafield tag="541" ind1=" " ind2=" ">
        <subfield code="a"></subfield>
        <subfield code="d"></subfield>
    </datafield>
    <datafield tag="542" ind1=" " ind2=" ">
        <subfield code="a"></subfield>
        <subfield code="b"></subfield>
        <subfield code="d"></subfield>
        <subfield code="i"></subfield>
        <subfield code="j"></subfield>
        <subfield code="m">closed</subfield>
    </datafield>
    <datafield tag="546" ind1=" " ind2=" ">
        <subfield code="a"></subfield>
    </datafield>
    <datafield tag="546" ind1=" " ind2=" ">
        <subfield code="a"></subfield>
    </datafield>
    <datafield tag="546" ind1=" " ind2=" ">
        <subfield code="a"></subfield>
    </datafield>
    <datafield tag="583" ind1=" " ind2=" ">
        <subfield code="a"></subfield>
        <subfield code="c"></subfield>
        <subfield code="x"></subfield>
        <subfield code="z"></subfield>
        <subfield code="2"></subfield>
        <subfield code="5"></subfield>
    </datafield>
    <datafield tag="600" ind1="1" ind2="4">
        <subfield code="a"></subfield>
    </datafield>
    <datafield tag="610" ind1="2" ind2="4">
        <subfield code="a"></subfield>
    </datafield>
    <datafield tag="611" ind1="2" ind2="4">
        <subfield code="a"></subfield>
        <subfield code="e"></subfield>
        <subfield code="n"></subfield>
        <subfield code="d"></subfield>
        <subfield code="c"></subfield>
    </datafield>
    <datafield tag="648" ind1=" " ind2="4">
        <subfield code="a"></subfield>
    </datafield>
    <datafield tag="650" ind1=" " ind2="4">
        <subfield code="a"></subfield>
    </datafield>
    <datafield tag="651" ind1=" " ind2="4">
        <subfield code="a"></subfield>
    </datafield>
    <datafield tag="655" ind1=" " ind2="4">
        <subfield code="a"></subfield>
    </datafield>
    <datafield tag="700" ind1="1" ind2=" ">
        <subfield code="a"></subfield>
        <subfield code="e"></subfield>
    </datafield>
    <datafield tag="710" ind1="2" ind2=" ">
        <subfield code="a"></subfield>
        <subfield code="e"></subfield>
    </datafield>
</record>